@book{wafbook, author="Thomas Nagy", title="The Waf
	book",url="https://waf.io/book/"}
